%% This BibTeX bibliography file was created using BibDesk.
%% http://bibdesk.sourceforge.net/


%% Created for Hanwen Zhang at 2014-11-25 11:43:31 -0500 


%% Saved with string encoding Unicode (UTF-8) 

@book{Walpole12,
	author = "Walpole, R. E. and Myers, R. H. and Myers, S. L. and Ye, Keying",
	title = "Probability \& Statistics for Engineers \& Scientists",
	year = "2012",
	publisher ="Prentice Hall"
}

@book{Montgomery03,
	author = "Montgomery, D. C. and Runger, G. C.",
	title = "Applied Statistics and Probability for Engineers",
	year = "2003",
	publisher ="John Wiley \& Sons, Inc."
}

@book{Devore16,
	author = "Devore, J. L",
	title = "Probability and Statistics for engineering and the sciences",
	year = "2016",
	publisher ="Cengage"
}